@book{vothCG2008,
  title = {Coarse-Graining of Condensed Phase and Biomolecular Systems},
  editor = {Voth, Gregory A.},
  date = {2008-09-22},
  year={2008},
  edition = {1},
  publisher = {CRC Press},
  doi = {10.1201/9781420059564},
  url = {https://www.taylorfrancis.com/books/9781420059564},
  urldate = {2023-01-21},
  isbn = {978-0-429-13729-7},
  langid = {english},
}

@book{FeynmanSL,
  title={Statistical Mechanics},
  author={Richard Philips Feynman},
  edition={1},
  publisher= {高等教育出版社},
  year={2021}
}

@book{pcm,
  title         ={Physics of Condensed Matter},
  author        ={Prasanta Kumar Misra},
  publisher       = {Elsevier Inc.},
  year          ={2012},
  edition        = {1},
}

@book{pathria2016statistical,
  title={Statistical mechanics},
  author={Pathria, Raj Kumar},
  edition={4},
  year={2016},
  publisher={Elsevier}
}

@book{introtomd,
  author         = {Akira Satoh},
  edition        = {1},
  publisher      = {Elsevier Inc.},
  title          = {Introduction to Practice of Molecular Simulation},
  year           = {2011}
}

@book{progame,
  editor         = {Sumit Sharma},
  publisher      = {Elsevier Inc.},
  title          = {Molecular Dynamics Simulation of Nanocomposites Using BIOVIA Materials Studio, Lammps and Gromacs},
  year           = {2019}
}

@book{kittel1980thermal,
  title={Thermal physics},
  author={Kittel, Charles and Kroemer, Herbert},
  year={1980},
  publisher={W. H. Freeman}
}

@book{IntroModernSM,
  author         = {David Chandler},
  edition        = {1},
  publisher      = {Oxford University Press},
  title          = {Introduction TO Morden Statistical Mechanics},
  year           = {1987}
}


@book{advwithsolution,
  author         = {Ryogo Kubo},
  publisher      = {Oxford University Press},
  title          = {Statistical Mechanics An Advanced Course with Problems and Solutions},
  year           = {1965}
}

@book{specfunc,
  author         = {王竹溪},
  publisher      = {北京大学出版社},
  title          = {特殊函数概论},
  year           = {1963}
}

@book{cini2012solved,
  title={Solved Problems in Quantum and Statistical Mechanics},
  author={Cini, Michele and Fucito, Francesco and Sbragaglia, Mauro},
  year={2012},
  publisher={Springer Science \& Business Media}
}
@book{banerjee2018open,
  title={Open quantum systems},
  author={Banerjee, Subhashish and Banerjee, Subhashish and Ahmad},
  year={2018},
  publisher={Springer}
}

@book{horacio2013path,
  title={Path Integrals for Stochastic Processes: An Introduction},
  author={Horacio S.. Wio},
  year={2013},
  publisher={World Scientific.}
}

@book{landau2013statistical,
  title={Statistical Physics},
  author={Landau, Lev Davidovich and Lifshitz, Evgenii Mikhailovich},
  volume={5},
  year={2013},
  version={3},
  publisher={Elsevier}
}

@book{kardar2007statisticalparticles,
  title={Statistical physics of particles},
  author={Kardar, Mehran},
  year={2007},
  publisher={Cambridge University Press}
}
@book{kardar2007statisticalfields,
  title={Statistical physics of fields},
  author={Kardar, Mehran},
  year={2007},
  publisher={Cambridge University Press}
}
@book{physkinetics,
  author         = {E.M.栗弗席兹 and 皮塔耶夫斯基},
  version={2},
  publisher      = {高等教育出版社},
  title          = {物理动理学},
  year           = {2008}
}

@article{manzanoSIntroLindblad2020,
  title = {A Short Introduction to the Lindblad Master Equation},
  author = {Manzano, Daniel},
  date = {2020-02-01},
  journal={AIP Advances},
  year={2020},
  issn = {2158-3226},
  doi = {10.1063/1.5115323},
}